@article{arun1987least,
  title={Least-squares fitting of two 3-D point sets},
  author={Arun, K Somani and Huang, Thomas S and Blostein, Steven D},
  journal={IEEE Transactions on pattern analysis and machine intelligence},
  number={5},
  pages={698--700},
  year={1987},
  publisher={IEEE}
}
